@misc{Caicedo,
  author       = {Caicedo, Andrés},
  title        = {580 - Some choiceless results (3)},
  howpublished = {\url{https://andrescaicedo.wordpress.com/2009/01/27/580-some-choiceless-results-3/}},
  note         = {Teaching blog, updated Tuesday, January 27th, 2009},
  year         = {2009}
}

@book{Engel,
  author    = {Engelking, Ryszard},
  title     = {General Topology},
  edition   = {2},
  series    = {Sigma Series in Pure Mathematics},
  volume    = {6},
  publisher = {Heldermann Verlag},
  address   = {Berlin},
  year      = {1989},
  pages     = {viii+529}
}

@book{JechAC,
  author    = {Jech, Thomas},
  title     = {The Axiom of Choice},
  series    = {Studies in Logic and the Foundations of Mathematics},
  volume    = {75},
  publisher = {North-Holland},
  address   = {Amsterdam},
  year      = {1973},
  pages     = {xi+202}
}

@book{Jech,
  author    = {Jech, Thomas},
  title     = {Set Theory -- The Third Millennium Edition, Revised and Expanded},
  series    = {Springer Monographs in Mathematics},
  publisher = {Springer-Verlag},
  address   = {Berlin},
  year      = {2003},
  pages     = {xiv+769}
}

@article{deJesusdaSilva,
  author  = {de Jesus, J. P. C. and da Silva, S. G.},
  title   = {{Cem Anos do Axioma da Escolha: Boa Ordenação, Lema de Zorn e o Teorema de Tychonoff}},
  journal = {Revista Matemática Universitária (RMU/SBM)},
  volume  = {42},
  year    = {2007},
  pages   = {16--34}
}

@book{Kunen,
  author    = {Kunen, Kenneth},
  title     = {Set Theory -- An Introduction to Independence Proofs},
  series    = {Studies in Logic and the Foundations of Mathematics},
  volume    = {102},
  publisher = {North-Holland Publishing Co.},
  address   = {Amsterdam},
  year      = {1983},
  pages     = {xvi+313}
}

@book{Levy,
  author    = {L{\'e}vy, Azriel},
  title     = {Basic Set Theory},
  publisher = {Springer-Verlag},
  address   = {Berlin-New York},
  year      = {1979},
  pages     = {xiv+391}
}

@article{Sierp,
  author  = {{Sier\'pinski, Wac\l{}aw}},
  title   = {L'hypothèse généralisée du continu et l'axiome du choix},
  journal = {Fundamenta Mathematicae},
  volume  = {34},
  number  = {1},
  year    = {1947},
  pages   = {1--5}
}

@article{Specker,
  author  = {Specker, Ernst},
  title   = {{Verallgemeinerte Kontinuumshypothese und Auswahlaxiom}},
  journal = {Archiv der Mathematik},
  volume  = {5},
  year    = {1954},
  pages   = {332--337}
}

@article{Tarski,
  author  = {Tarski, Alfred},
  title   = {Sur quelques théorèmes qui équivalent à l'axiome du choix},
  journal = {Fundamenta Mathematicae},
  volume  = {5},
  number  = {1},
  year    = {1924},
  pages   = {147--154}
}

@article{Zer1904,
  author  = {Zermelo, Ernst},
  title   = {{Beweis, dass jede Menge wohlgeordnet werden kann (Aus einem an Herrn Hilbert gerichteten Briefe)}},
  journal = {Mathematische Annalen},
  volume  = {59},
  year    = {1904},
  pages   = {514--516},
  note    = {Translated in: Van Heijenoort, pp. 139--141}
}

@article{Zer1908,
  author  = {Zermelo, Ernst},
  title   = {{Neuer Beweis für die Möglichkeit einer Wohlordnung}},
  journal = {Mathematische Annalen},
  volume  = {65},
  year    = {1908},
  pages   = {107--128},
  note    = {Translated in: Van Heijenoort, pp. 183--198}
}

@article{Zer1908a,
  author  = {Zermelo, Ernst},
  title   = {{Untersuchungen über die Grundlagen der Mengenlehre. I}},
  journal = {Mathematische Annalen},
  volume  = {65},
  year    = {1908},
  pages   = {261--281},
  note    = {Translated in: Van Heijenoort, pp. 199--215}
}
