@book{gauss1809theoria,
  title={Sólidos e Superfícies –
Construção de Modelos Concretos},
  authors={Ednalva Vergasta Andrade, Elinalva Vergasta, Maria Christina Cardoso e Maria das
Graças Sousa},
  year={2010},
  publisher={Editora da UFBA (Edufba)}
}

@book{Koblitz87,
title={Superfícies Isométricas ao Plano – Construção de Modelos Concretos com Cilindros e Cones},
authors = {Elinalva Vergasta, Graça Dominguez, Maria Christina
Cardoso e Verlane Cabral},

publisher={Editora da UFBA (Edufba)},
year = {2010},}

@book{homenagemime,
  title={Homenagem promovida pelo IME-UFBA},
  year={2019}
}

@book{homenagempecmat,
  title={Homenagem promovida pelo projeto de extensão PECMat},
   url={https://www.youtube.com/playlist?list=PLigOXiIHmLvSWAJzBLtcwWUVn1W7milSe},
  year={2025}
}