@article{deSimone2020,
  author = {P. de Simone},
  title = {{Plato's use of the term stoicheion. Origin and implications}},
  journal = {Revista Archai},
  year = {2020}
}

@book{szabo1967,
  author = {Á. Szabó},
  title = {Greek Dialectic and Euclid's Axiomatics},
  series = {Studies in Logic and the Foundations},
  year = {1967},
  publisher = {North Holland}
}

@book{szabo1978,
  author = {Á. Szabó},
  title = {The Beginnings of Greek Mathematics},
  publisher = {Springer},
  year = {1978}
}

@article{blasjon2014,
  author = {V. Blåsjö},
  title = {{Critique of the Modern Consensus in the Historiography of Mathematics}},
  journal = {Journal for the History of Mathematics (JHM)},
  year = {2014}
}

@misc{blasjonPodcast,
  author = {V. Blåsjö},
  title = {{Opinionated History of Mathematics Podcast}},
  note = {Podcast}
}

@article{unguru1975,
  author = {S. Unguru},
  title = {{On the Need to Rewrite the History of Greek Mathematics}},
  journal = {Archive for History of Exact Sciences},
  year = {1975}
}

@article{beeson2019,
  author = {M. Beeson and J. Narboux and F. Wiedijk},
  title = {{Proof-checking Euclid}},
  journal = {Annals of Mathematics and Artificial Intelligence},
  year = {2019}
}

@article{avigad2009,
  author = {J. Avigad and E. Dean and J. Mumma},
  title = {{A formal system for Euclid's elements}},
  journal = {Review of Symbolic Logic},
  year = {2009}
}

@article{derisi2016,
  author = {V. De Risi},
  title = {{The development of Euclidean axiomatics}},
  journal = {Archive for History of Exact Sciences},
  year = {2016}
}

@phdthesis{vaz2010,
  author = {B. Vaz},
  title = {O Papel dos Diagramas na Geometria Euclideana},
  school = {PUC-Rio},
  year = {2010},
  type = {Tese de Doutorado}
}

@misc{jones2005,
  author = {A. Jones},
  title = {{Euclid, the Elusive Geometer}},
  year = {2005},
  howpublished = {\url{http://hdl.handle.net/2451/63988}}
}

@article{avila2010,
  author = {G. Ávila},
  title = {{Eudoxo, Dedekind, números reais e ensino de Matemática}},
  journal = {RPM},
  volume = {07},
  year = {2010}
}

@phdthesis{manso2008,
  author = {R. C. Manso de Almeida},
  title = {{Demonstrações em geometria plana em livros-texto no Brasil a partir do século XIX}},
  school = {PUC-Rio},
  year = {2008},
  type = {Tese de Doutorado}
}

@book{chou1988,
  author = {S. C. Chou},
  title = {Mechanical geometry theorem proving},
  publisher = {D. Reidel},
  year = {1988}
}
@article{zeitler1990,
  author = {H. Zeitler},
  title = {Axiomatics of Geometry in School and in Science},
  journal = {For the Learning of Mathematics},
  volume = {10},
  year = {1990}
}

@article{trinh2024,
  author = {T. H. Trinh and Y. Wu and Q. V. Le and others},
  title = {Solving olympiad geometry without human demonstrations},
  journal = {Nature},
  volume = {625},
  pages = {476--482},
  year = {2024},
  doi = {10.1038/s41586-024-07027-4}
}

@article{papini2024,
  author = {Papini, M.},
  title = {{Uma Descrição da Gênese do Método Axiomático}},
  journal = {Revista de Matemática Hipátia},
  volume = {2},
  number = 1,
  pages = {3--14},
  year = {2024}
}

@phdthesis{deJesus2023,
  author = {Santos de Jesus,D.L.},
  title = {{Entre a lógica e a retórica: axiomatizações da geometria
euclidiana nos séculos XVI e XVII}},
  school = {{Programa de Pós-Graduação
em Filosofia da UFBA}},
  year = {2023},
  type = {Tese de Doutorado}
}

@mastersthesis{deJesus2017,
  author = {Santos de Jesus,D.L.},
  title = {{O papel demonstrativo dos diagramas na geometria euclidiana}},
  school = {{Programa de Pós-Graduação
em Filosofia da UFBA}},
  year = {2017},
  type = {Dissertação de Mestrado}
}

@book{Novaes2020,
  author = {C.D. Novaes},
  title = {The Dialogical Roots of Deduction},
  year = {2020},
  publisher = {Cambridge University Press}
}

@incollection{Manders95,
    author = {Manders, K.},
    title = {The Euclidean Diagram (1995)},
    booktitle = {The Philosophy of Mathematical Practice},
    publisher = {Oxford University Press},
    year = {2008},
    month = {06},
}

@book{Wardhaugh2021,
  author = {Wardhaugh, B.},
  title = {Encounters with Euclid: How an Ancient Greek Geometry Text Shaped the World},
  year = {2021},
  publisher = {Princeton University Press}
}

@phdthesis{mumma2006,
  author = {Mumma, J.},
  title = {{Intuition Formalized: Ancient and Modern Methods of Proof in Elementary Geometry}},
  school = {{Carnegie Mellon University}},
  year = {2006}
}

@article{Thomsen33,
title={The Treatment of Elementary Geometry by a Group-Calculus},
volume={17}, 
number={225}, journal={The Mathematical Gazette}, 
author={Thomsen, G.}, year={1933}, pages={230--242}} 

@book{Needham2021,
  author = {Needham, T.},
  title = {Visual Differential Geometry and Forms: A Mathematical Drama in Five Acts},
  year = {2021},
  publisher = {Princeton University Press}
}